@article{blei2003latent,
	title={Latent dirichlet allocation},
	author={Blei, David M and Ng, Andrew Y and Jordan, Michael I},
	journal={Journal of machine Learning research},
	volume={3},
	number={Jan},
	pages={993--1022},
	year={2003}
}
@article{kingma2013auto,
	title={Auto-encoding variational bayes},
	author={Kingma, Diederik P and Welling, Max},
	journal={arXiv preprint arXiv:1312.6114},
	year={2013}
}

@inproceedings{newman2007distributed,
	title={Distributed inference for latent dirichlet allocation},
	author={Newman, David and Smyth, Padhraic and Welling, Max and Asuncion, Arthur U},
	booktitle={Advances in neural information processing systems},
	pages={1081--1088},
	year={2007}
}



@inproceedings{ranganath2015deep,
	title={Deep Exponential Families.},
	author={Ranganath, Rajesh and Tang, Linpeng and Charlin, Laurent and Blei, David M},
	booktitle={AISTATS},
	year={2015}
}
